<record><leader>00000cas a22000007a 4500</leader><controlfield tag="001">20940102</controlfield><controlfield tag="008">900122d194919uumduwr ne      0    0eng d</controlfield><datafield ind1=" " ind2=" " tag="010"><subfield code="a">sn 90057020 </subfield></datafield><datafield ind1=" " ind2=" " tag="040"><subfield code="a">MFN</subfield><subfield code="b">eng</subfield><subfield code="c">MFN</subfield><subfield code="d">OCLCQ</subfield></datafield><datafield ind1=" " ind2=" " tag="042"><subfield code="a">msc</subfield></datafield><datafield ind1="0" ind2="0" tag="245"><subfield code="a">Mountain Democrat news.</subfield></datafield><datafield ind1=" " ind2=" " tag="260"><subfield code="a">Oakland [Md.] :</subfield><subfield code="b">T.O. Diffinbaugh</subfield></datafield><datafield ind1=" " ind2=" " tag="300"><subfield code="a">v.</subfield></datafield><datafield ind1=" " ind2=" " tag="310"><subfield code="a">Weekly</subfield></datafield><datafield ind1="0" ind2=" " tag="362"><subfield code="a">Vol. 71, no. 22 (Aug. 9, 1949)-</subfield></datafield><datafield ind1=" " ind2=" " tag="752"><subfield code="a">United States</subfield><subfield code="b">Maryland</subfield><subfield code="c">Garrett</subfield><subfield code="d">Oakland.</subfield></datafield><datafield ind1="0" ind2="0" tag="780"><subfield code="t">Mountain Democrat (Oakland, Md.)</subfield><subfield code="w">(DLC)sn 89060174</subfield></datafield></record>